<?xml version="1.0" encoding="UTF-8"?><page><images xmlns:xs="http://www.w3.org/2001/XMLSchema"><image xmlns:my="http://nowhere" src="https://repo.library.upenn.edu/djatoka/resolver?url_ver=Z39.88-2004&amp;svc_id=info:lanl-repo/svc/getRegion&amp;svc_val_fmt=info:ofi/fmt:kev:mtx:jpeg2000&amp;svc.format=image/jpeg&amp;rft_id=indic_ms_coll_390_item_1044_wk1_body0001&amp;svc.level=4&amp;svc.rotate="><params><identifier>indic_ms_coll_390_item_1044_wk1_body0001</identifier><imagefile>/repo/store/pairtree_root/in/di/c_/ms/_c/ol/l_/39/0_/it/em/_1/04/4_/wk/1_/bo/dy/00/01/indic_ms_coll_390_item_1044_wk1_body0001/v002/full/ms_coll_390_item_1044_wk1_body0001.DELIVERY.jp2</imagefile><width>7361</width><height>3255</height><dwtLevels>7</dwtLevels><levels>7</levels><compositingLayerCount>1</compositingLayerCount><defaultscale>3</defaultscale></params><control><zoomcontrol zoom="in"><input name="zoom" type="radio" value="in" onclick="selectZoomControl('in')" checked="yes">zoom in</input><input name="zoom" type="radio" value="out" onclick="selectZoomControl('out')">zoom out</input><input name="zoom" type="radio" value="none" onclick="selectZoomControl('none')">recenter</input></zoomcontrol><sizecontrol><input name="size" type="radio" value="0" onClick="this.form.submit()">full</input><input name="size" type="radio" value="1" onClick="this.form.submit()">1/2</input><input name="size" type="radio" value="2" onClick="this.form.submit()">1/4</input><input name="size" type="radio" value="3" checked="yes">1/8</input><input name="size" type="radio" value="4" onClick="this.form.submit()">1/16</input><input name="size" type="radio" value="5" onClick="this.form.submit()">1/32</input><input name="size" type="radio" value="6" onClick="this.form.submit()">1/64</input><input name="size" type="radio" value="7" onClick="this.form.submit()">1/128</input></sizecontrol></control></image></images><response xmlns:cinclude="http://apache.org/cocoon/include/1.0"><links xmlns:xs="http://www.w3.org/2001/XMLSchema" xmlns:my="http://nowhere" detail-page-params=".html?q=ms coll 390&amp;id=MEDREN_9963173193503681&amp;"><feeds><str name="media.rss">feeds/pageturn.mrss?q=ms coll 390&amp;doubleside=0&amp;rotation=0&amp;id=MEDREN_9963173193503681 OR id:MEDREN_9963173193503681_*&amp;rows=500</str><str name="rss">feeds/pageturn.rss?q=ms coll 390&amp;id=MEDREN_9963173193503681&amp;doubleside=0&amp;rotation=0&amp;</str><str name="ical">feeds/calendar.ics?q=ms coll 390&amp;id=MEDREN_9963173193503681&amp;doubleside=0&amp;rotation=0&amp;</str><str name="url">http://dla.library.upenn.edu/dla/medren/pageturn.html?q=ms coll 390&amp;id=MEDREN_9963173193503681&amp;doubleside=0&amp;rotation=0&amp;doubleside=0&amp;rotation=0&amp;</str><str name="display-record" display="[more information]">record.html?q=ms coll 390&amp;id=MEDREN_9963173193503681&amp;doubleside=0&amp;rotation=0&amp;</str><str name="enable-fullview" display="Enable Full View">pageturn.html?q=ms coll 390&amp;id=MEDREN_9963173193503681&amp;doubleside=0&amp;rotation=0&amp;fullview=true</str><str name="rotate-right" display="Rotate Right">pageturn.html?q=ms coll 390&amp;id=MEDREN_9963173193503681&amp;doubleside=0&amp;rotation=90</str><str name="rotate-left" display="Rotate Left">pageturn.html?q=ms coll 390&amp;id=MEDREN_9963173193503681&amp;doubleside=0&amp;rotation=270</str><str name="handle">http://hdl.library.upenn.edu/1017/d/medren/9963173193503681</str></feeds><sidebar><str name="mailto" display="Contact Us">mailto:dmcknigh@pobox.upenn.edu?subject=Penn%20in%20Hand%3A%20Selected%20Manuscripts%20%28DLA%20Collection%29&amp;body=Question%20regarding%20this%20page%3A%20http%3A%2F%2Fdla.library.upenn.edu%2Fdla%2Fmedren%2Fpageturn.html%3Fq%3Dms%20coll%20390%26id%3DMEDREN_9963173193503681%26doubleside%3D0%26rotation%3D0%26</str><str name="back-to-results" display="Back to Search Results">search.html?q=ms coll 390&amp;</str></sidebar></links><params xmlns:my="http://nowhere"><str name="q">ms coll 390</str><str name="id">MEDREN_9963173193503681</str><str name="fq"/><str name="start">0</str><str name="rows">25</str><str name="sort">score desc, date_sort asc</str><str name="page">pageturn</str><str name="browse"/><str name="facet">true</str><str name="view"/><str name="detail">brief</str><str name="showall"/><str name="fullview"/><info><str name="params-forward">true</str><str name="url">http://dla.library.upenn.edu/dla</str></info><page-specific name="pageturn"><str name="currentpage">1</str><str name="doubleside">0</str><str name="filter"/><str name="rotation">0</str><str name="region"/><str name="filetype"/><str name="image"/><str name="naturalwidth"/><str name="naturalheight"/><str name="levels"/><str name="zoom"/><str name="level"/><str name="oldwidth"/><str name="oldheight"/><str name="oldx"/><str name="oldy"/><str name="x"/><str name="y"/><str name="size"/><str name="oldsize"/></page-specific></params>
<lst name="responseHeader"><int name="status">0</int><int name="QTime">1</int><lst name="params"><str name="facet">true</str><str name="sort">score desc, date_sort asc</str><str name="fl">*</str><str name="facet.mincount">1</str><str name="facet.sort">true</str><str name="q">id:MEDREN_9963173193503681</str><str name="facet.limit">5</str><str name="f..facet.limit">400</str><str name="f..facet.sort">false</str><arr name="facet.field"><str>collection_facet</str><str>has_999_facet</str><str>facsimile_facet</str><str>illuminated_facet</str><str>illustrated_facet</str><str>notated_facet</str><str>language_facet</str><str>century_facet</str><str>date_facet</str><str>genre_facet</str><str>subject_facet</str><str>geography_facet</str><str>author_facet</str><str>related_names_facet</str><str>page_material_facet</str></arr><str name="qt">dla-standard</str><str name="rows">25</str></lst></lst><result name="response" numFound="1" start="0"><doc><str name="id">MEDREN_9963173193503681</str><str name="last_update">2018-17-08</str><arr name="call_number_field"><str>Ms. Coll. 390, Item 1044</str></arr><str name="orientation">unbound</str><str name="format">pageturn</str><arr name="title_field"><str>Brahmānanda</str></arr><arr name="probable_date_field"><str>1844 </str></arr><arr name="titledate_field"><str>Ms. Coll. 390 - Brahmānanda (1844 )</str></arr><arr name="primary_author_field"><str>Mādhava, -1386</str></arr><arr name="origin_field"><str>1844</str></arr><arr name="rights_field"><str>https://creativecommons.org/publicdomain/zero/1.0/</str></arr><arr name="date_facsimile_added_field"><str>08-19-2015</str></arr><arr name="collection_field"><str>Indic Manuscripts Collection</str></arr><arr name="collectionSEARCH_URL_field"><str>search.html?fq=collection_facet%3A"Indic Manuscripts"</str></arr><arr name="facsimile_field"><str>Yes</str></arr><arr name="language_field"><str>Sanskrit</str></arr><arr name="genre_field"><str>Treatises</str><str>Commentaries</str><str>Watermarks</str><str>Manuscripts, Sanskrit - 19th century</str><str>Manuscripts - India - 19th century</str></arr><arr name="subject_field"><str>Knowledge, Theory of (Hinduism)</str><str>Advaita</str><str>Vedanta</str><str>Hindu philosophy</str><str>Philosophy, Indic</str></arr><arr name="geography_field"><str>India</str></arr><arr name="author_field"><str>Mādhava, -1386</str></arr><xml name="marcrecord"><marc:record xmlns:marc="http://www.loc.gov/MARC21/slim">
            <marc:leader>04208ctd a2200625Ia 4500</marc:leader>
            <marc:controlfield tag="001">9963173193503681</marc:controlfield>
            <marc:controlfield tag="005">20180817094622.0</marc:controlfield>
            <marc:controlfield tag="008">141209s1844    ii            000 0 san d</marc:controlfield>
            <marc:datafield tag="035" ind1=" " ind2=" ">
               <marc:subfield code="a">(OCoLC)ocn897832888</marc:subfield>
            </marc:datafield>
            <marc:datafield tag="035" ind1=" " ind2=" ">
               <marc:subfield code="a">(OCoLC)897832888</marc:subfield>
            </marc:datafield>
            <marc:datafield tag="035" ind1=" " ind2=" ">
               <marc:subfield code="a">(PU)6317319-penndb-Voyager</marc:subfield>
            </marc:datafield>
            <marc:datafield tag="040" ind1=" " ind2=" ">
               <marc:subfield code="a">PAULM</marc:subfield>
               <marc:subfield code="b">eng</marc:subfield>
               <marc:subfield code="c">PAULM</marc:subfield>
               <marc:subfield code="e">dacs</marc:subfield>
               <marc:subfield code="d">PAULM</marc:subfield>
            </marc:datafield>
            <marc:datafield tag="049" ind1=" " ind2=" ">
               <marc:subfield code="a">PAUM</marc:subfield>
            </marc:datafield>
            <marc:datafield tag="079" ind1=" " ind2=" ">
               <marc:subfield code="a">ocn897832887</marc:subfield>
            </marc:datafield>
            <marc:datafield tag="099" ind1=" " ind2="9">
               <marc:subfield code="a">Ms. Coll. 390</marc:subfield>
            </marc:datafield>
            <marc:datafield tag="100" ind1="0" ind2=" ">
               <marc:subfield code="a">Mādhava,</marc:subfield>
               <marc:subfield code="d">-1386.</marc:subfield>
            </marc:datafield>
            <marc:datafield tag="240" ind1="1" ind2="0">
               <marc:subfield code="a">Pañcadaśī.</marc:subfield>
               <marc:subfield code="k">Selections</marc:subfield>
            </marc:datafield>
            <marc:datafield tag="242" ind1="1" ind2="0">
               <marc:subfield code="a">Bliss of brahman.</marc:subfield>
               <marc:subfield code="p">Bliss of knowledge.</marc:subfield>
               <marc:subfield code="y">eng</marc:subfield>
            </marc:datafield>
            <marc:datafield tag="245" ind1="1" ind2="0">
               <marc:subfield code="6">880-01</marc:subfield>
               <marc:subfield code="a">Brahmānanda.</marc:subfield>
               <marc:subfield code="p">Vidyānanda,</marc:subfield>
               <marc:subfield code="f">1844.</marc:subfield>
            </marc:datafield>
            <marc:datafield tag="300" ind1=" " ind2=" ">
               <marc:subfield code="a">1</marc:subfield>
               <marc:subfield code="f">item (4 leaves) :</marc:subfield>
               <marc:subfield code="b">paper ;</marc:subfield>
               <marc:subfield code="c">14 x 32 cm.</marc:subfield>
            </marc:datafield>
            <marc:datafield tag="500" ind1=" " ind2=" ">
               <marc:subfield code="a">Title from colophon (f. 4r); commentary title Tātparyabodhinī supplied by cataloger; alternate commentary title Pañcadaśīprakāśikā supplied by cataloger.</marc:subfield>
            </marc:datafield>
            <marc:datafield tag="500" ind1=" " ind2=" ">
               <marc:subfield code="a">Written in 10-12 lines per leaf.</marc:subfield>
            </marc:datafield>
            <marc:datafield tag="500" ind1=" " ind2=" ">
               <marc:subfield code="a">4 leaves foliated 1-4, upper left verso.</marc:subfield>
            </marc:datafield>
            <marc:datafield tag="500" ind1=" " ind2=" ">
               <marc:subfield code="a">Colophon: iti śrīvidyāraṇyamunikṛte ānaṃdapaṃcake vidyānaṃdo nāmacaturtho 'dhyāyaḥ // (f. 4r).</marc:subfield>
            </marc:datafield>
            <marc:datafield tag="500" ind1=" " ind2=" ">
               <marc:subfield code="a">Manuscript was formerly part of a larger manuscript along with Ms. Coll. 390, Item 1034, Item 1035, Item 1036, Item 1037, Item 1038, Item 1039, Item 1040, Item 1041, Item 1042, Item 1043, and Item 1045.</marc:subfield>
            </marc:datafield>
            <marc:datafield tag="500" ind1=" " ind2=" ">
               <marc:subfield code="a">Mistakes covered over in yellow or blacked out; some corrections and additions in margins; significant syllables, words, or phrases highlighted in red throughout.</marc:subfield>
            </marc:datafield>
            <marc:datafield tag="500" ind1=" " ind2=" ">
               <marc:subfield code="a">Watermarks on all folios, including a horse and various parts of words and letters.</marc:subfield>
            </marc:datafield>
            <marc:datafield tag="500" ind1=" " ind2=" ">
               <marc:subfield code="a">Dated śaka 1766 (1844) (Ms. Coll. 390, Item 1045, f. 3r).</marc:subfield>
            </marc:datafield>
            <marc:datafield tag="500" ind1=" " ind2=" ">
               <marc:subfield code="a">Scribe is Nārāyaṇa (Ms. Coll. 390, Item 1035, f. 3r).</marc:subfield>
            </marc:datafield>
            <marc:datafield tag="510" ind1="4" ind2=" ">
               <marc:subfield code="a">Listed in H.I. Poleman, Census of Indic Manuscripts in the United States and Canada (New Haven, Conn.:  American Oriental Society, 1938), Poleman</marc:subfield>
               <marc:subfield code="c">4041 (UP 1044).</marc:subfield>
            </marc:datafield>
            <marc:datafield tag="520" ind1=" " ind2=" ">
               <marc:subfield code="a">Manuscript is used for contemplation and study and is a treatise on Hindu philosophy is translated as Bliss of the brahman, title of its fourth section translated as Bliss of knowledge; written from the perspective of the Advaita (non-dualism) Vedānta school of philosophy; work contains part of an extensive commentary called the Tātparyabodhinī by Rāmakṛṣṇa running parallel, above and below, the main root text.</marc:subfield>
            </marc:datafield>
            <marc:datafield tag="524" ind1=" " ind2=" ">
               <marc:subfield code="a">UPenn Ms. Coll. 390, Item 1044</marc:subfield>
            </marc:datafield>
            <marc:datafield tag="546" ind1=" " ind2=" ">
               <marc:subfield code="a">In Sanskrit</marc:subfield>
               <marc:subfield code="b">(Devanāgarī)</marc:subfield>
            </marc:datafield>
            <marc:datafield tag="561" ind1="1" ind2=" ">
               <marc:subfield code="a">Formerly owned by Raṅganātha Marāṭhe, son of Mayūreśvara (colophon, Ms. Coll. 390, Item 1045, f. 3r).</marc:subfield>
            </marc:datafield>
            <marc:datafield tag="650" ind1=" " ind2="0">
               <marc:subfield code="a">Knowledge, Theory of (Hinduism)</marc:subfield>
            </marc:datafield>
            <marc:datafield tag="650" ind1=" " ind2="0">
               <marc:subfield code="a">Advaita.</marc:subfield>
            </marc:datafield>
            <marc:datafield tag="650" ind1=" " ind2="0">
               <marc:subfield code="a">Vedanta.</marc:subfield>
            </marc:datafield>
            <marc:datafield tag="650" ind1=" " ind2="0">
               <marc:subfield code="a">Hindu philosophy.</marc:subfield>
            </marc:datafield>
            <marc:datafield tag="650" ind1=" " ind2="0">
               <marc:subfield code="a">Philosophy, Indic.</marc:subfield>
            </marc:datafield>
            <marc:datafield tag="655" ind1=" " ind2="7">
               <marc:subfield code="a">Treatises.</marc:subfield>
               <marc:subfield code="2">aat</marc:subfield>
            </marc:datafield>
            <marc:datafield tag="655" ind1=" " ind2="7">
               <marc:subfield code="a">Commentaries.</marc:subfield>
               <marc:subfield code="2">aat</marc:subfield>
            </marc:datafield>
            <marc:datafield tag="655" ind1=" " ind2="7">
               <marc:subfield code="a">Watermarks.</marc:subfield>
               <marc:subfield code="2">aat</marc:subfield>
            </marc:datafield>
            <marc:datafield tag="655" ind1=" " ind2="0">
               <marc:subfield code="a">Manuscripts, Sanskrit</marc:subfield>
               <marc:subfield code="y">19th century.</marc:subfield>
            </marc:datafield>
            <marc:datafield tag="655" ind1=" " ind2="0">
               <marc:subfield code="a">Manuscripts</marc:subfield>
               <marc:subfield code="z">India</marc:subfield>
               <marc:subfield code="y">19th century.</marc:subfield>
            </marc:datafield>
            <marc:datafield tag="700" ind1="0" ind2="2">
               <marc:subfield code="a">Rāmakr̥ṣṇa.</marc:subfield>
               <marc:subfield code="t">Tātparyabodhinī.</marc:subfield>
            </marc:datafield>
            <marc:datafield tag="700" ind1="0" ind2="2">
               <marc:subfield code="a">Rāmakr̥ṣṇa.</marc:subfield>
               <marc:subfield code="t">Pañcadaśīprakāśikā.</marc:subfield>
            </marc:datafield>
            <marc:datafield tag="700" ind1="0" ind2=" ">
               <marc:subfield code="a">Nārāyaṇa,</marc:subfield>
               <marc:subfield code="e">scribe.</marc:subfield>
            </marc:datafield>
            <marc:datafield tag="700" ind1="0" ind2=" ">
               <marc:subfield code="a">Raṅganātha Marāṭhe</marc:subfield>
               <marc:subfield code="c">(Son of Mayūreśvara),</marc:subfield>
               <marc:subfield code="e">former owner</marc:subfield>
            </marc:datafield>
            <marc:datafield tag="773" ind1="0" ind2=" ">
               <marc:subfield code="t">Collection of Indic Manuscripts.</marc:subfield>
               <marc:subfield code="g">Item 1044</marc:subfield>
            </marc:datafield>
            <marc:datafield tag="852" ind1=" " ind2=" ">
               <marc:subfield code="b">Rare Book &amp; Manuscript Library</marc:subfield>
               <marc:subfield code="a">University of Pennsylvania</marc:subfield>
               <marc:subfield code="e">3420 Walnut Street, Philadelphia, Pennsylvania 19104-6206.</marc:subfield>
               <marc:subfield code="j">Ms. Coll. 390</marc:subfield>
            </marc:datafield>
            <marc:datafield tag="856" ind1="4" ind2="1">
               <marc:subfield code="z">Facsimile</marc:subfield>
               <marc:subfield code="u">http://hdl.library.upenn.edu/1017/d/medren/6317319</marc:subfield>
            </marc:datafield>
            <marc:datafield tag="880" ind1="1" ind2="0">
               <marc:subfield code="6">245-01</marc:subfield>
               <marc:subfield code="a">ब्रह्मानन्द.</marc:subfield>
               <marc:subfield code="p">विद्यानन्द,</marc:subfield>
               <marc:subfield code="f">१८४४.</marc:subfield>
            </marc:datafield>
            <marc:datafield tag="994" ind1=" " ind2=" ">
               <marc:subfield code="a">C0</marc:subfield>
               <marc:subfield code="b">PAULM</marc:subfield>
            </marc:datafield>
            <marc:datafield tag="996" ind1=" " ind2=" ">
               <marc:subfield code="a">unbound</marc:subfield>
            </marc:datafield>
            <marc:datafield tag="999" ind1=" " ind2=" ">
               <marc:subfield code="a">DLA</marc:subfield>
               <marc:subfield code="b">20150819</marc:subfield>
            </marc:datafield>
         </marc:record></xml><xml name="pages"><page number="1" seq="1" id="indic_9963173193503681_1629037" image.defaultscale="3" side="recto" image.id="indic_ms_coll_390_item_1044_wk1_body0001" image="ms_coll_390_item_1044_wk1_body0001" visiblepage="1r"/>
         <page number="2" seq="2" id="indic_9963173193503681_1629038" image.defaultscale="3" side="verso" image.id="indic_ms_coll_390_item_1044_wk1_body0002" image="ms_coll_390_item_1044_wk1_body0002" visiblepage="1v-2r"/>
         <page number="3" seq="3" id="indic_9963173193503681_1629039" image.defaultscale="3" side="recto" image.id="indic_ms_coll_390_item_1044_wk1_body0003" image="ms_coll_390_item_1044_wk1_body0003" visiblepage="2v-3r"/>
         <page number="4" seq="4" id="indic_9963173193503681_1629040" image.defaultscale="3" side="verso" image.id="indic_ms_coll_390_item_1044_wk1_body0004" image="ms_coll_390_item_1044_wk1_body0004" visiblepage="3v-4r"/>
         <page number="5" seq="5" id="indic_9963173193503681_1629041" image.defaultscale="3" side="recto" image.id="indic_ms_coll_390_item_1044_wk1_body0005" image="ms_coll_390_item_1044_wk1_body0005" visiblepage="4v"/></xml><str xmlns:my="http://nowhere" name="link">pageturn.html?q=ms coll 390&amp;id=MEDREN_9963173193503681&amp;doubleside=0&amp;rotation=0&amp;id=MEDREN_9963173193503681</str><str xmlns:my="http://nowhere" name="link_no_params">pageturn.html?id=MEDREN_9963173193503681</str><str xmlns:my="http://nowhere" name="handle">http://hdl.library.upenn.edu/1017/d/medren/9963173193503681</str></doc></result><lst name="facet_counts"><lst xmlns:my="http://nowhere" name="current_facets"><str name="Query" value="ms coll 390">pageturn.html?id=MEDREN_9963173193503681&amp;doubleside=0&amp;rotation=0&amp;</str></lst><lst name="facet_queries"/><lst xmlns:my="http://nowhere" name="facet_fields"><lst name="collection_facet"><lst name="links"><str name="browse">browse.html?q=ms coll 390&amp;id=MEDREN_9963173193503681&amp;browse=collection_facet&amp;</str></lst><str name="Indic Manuscripts" num="1">pageturn.html?q=ms coll 390&amp;id=MEDREN_9963173193503681&amp;fq=collection_facet%3A%22Indic%20Manuscripts%22</str></lst><lst name="has_999_facet"><lst name="links"><str name="browse">browse.html?q=ms coll 390&amp;id=MEDREN_9963173193503681&amp;browse=has_999_facet&amp;</str></lst></lst><lst name="facsimile_facet"><lst name="links"><str name="browse">browse.html?q=ms coll 390&amp;id=MEDREN_9963173193503681&amp;browse=facsimile_facet&amp;</str></lst><str name="Yes" num="1">pageturn.html?q=ms coll 390&amp;id=MEDREN_9963173193503681&amp;fq=facsimile_facet%3A%22Yes%22</str></lst><lst name="illuminated_facet"><lst name="links"><str name="browse">browse.html?q=ms coll 390&amp;id=MEDREN_9963173193503681&amp;browse=illuminated_facet&amp;</str></lst><str name="No" num="1">pageturn.html?q=ms coll 390&amp;id=MEDREN_9963173193503681&amp;fq=illuminated_facet%3A%22No%22</str></lst><lst name="illustrated_facet"><lst name="links"><str name="browse">browse.html?q=ms coll 390&amp;id=MEDREN_9963173193503681&amp;browse=illustrated_facet&amp;</str></lst><str name="No" num="1">pageturn.html?q=ms coll 390&amp;id=MEDREN_9963173193503681&amp;fq=illustrated_facet%3A%22No%22</str></lst><lst name="notated_facet"><lst name="links"><str name="browse">browse.html?q=ms coll 390&amp;id=MEDREN_9963173193503681&amp;browse=notated_facet&amp;</str></lst><str name="No" num="1">pageturn.html?q=ms coll 390&amp;id=MEDREN_9963173193503681&amp;fq=notated_facet%3A%22No%22</str></lst><lst name="language_facet"><lst name="links"><str name="browse">browse.html?q=ms coll 390&amp;id=MEDREN_9963173193503681&amp;browse=language_facet&amp;</str></lst><str name="Sanskrit" num="1">pageturn.html?q=ms coll 390&amp;id=MEDREN_9963173193503681&amp;fq=language_facet%3A%22Sanskrit%22</str></lst><lst name="century_facet"><lst name="links"><str name="browse">browse.html?q=ms coll 390&amp;id=MEDREN_9963173193503681&amp;browse=century_facet&amp;</str></lst><str name="19th century" num="1">pageturn.html?q=ms coll 390&amp;id=MEDREN_9963173193503681&amp;fq=century_facet%3A%2219th%20century%22</str></lst><lst name="date_facet"><lst name="links"><str name="browse">browse.html?q=ms coll 390&amp;id=MEDREN_9963173193503681&amp;browse=date_facet&amp;</str></lst><str name="1844" num="1">pageturn.html?q=ms coll 390&amp;id=MEDREN_9963173193503681&amp;fq=date_facet%3A%221844%22</str></lst><lst name="genre_facet"><lst name="links"><str name="browse">browse.html?q=ms coll 390&amp;id=MEDREN_9963173193503681&amp;browse=genre_facet&amp;</str></lst><str name="Commentaries" num="1">pageturn.html?q=ms coll 390&amp;id=MEDREN_9963173193503681&amp;fq=genre_facet%3A%22Commentaries%22</str><str name="Manuscripts - India - 19th century" num="1">pageturn.html?q=ms coll 390&amp;id=MEDREN_9963173193503681&amp;fq=genre_facet%3A%22Manuscripts%20-%20India%20-%2019th%20century%22</str><str name="Manuscripts, Sanskrit - 19th century" num="1">pageturn.html?q=ms coll 390&amp;id=MEDREN_9963173193503681&amp;fq=genre_facet%3A%22Manuscripts%2C%20Sanskrit%20-%2019th%20century%22</str><str name="Treatises" num="1">pageturn.html?q=ms coll 390&amp;id=MEDREN_9963173193503681&amp;fq=genre_facet%3A%22Treatises%22</str><str name="Watermarks" num="1">pageturn.html?q=ms coll 390&amp;id=MEDREN_9963173193503681&amp;fq=genre_facet%3A%22Watermarks%22</str></lst><lst name="subject_facet"><lst name="links"><str name="browse">browse.html?q=ms coll 390&amp;id=MEDREN_9963173193503681&amp;browse=subject_facet&amp;</str></lst><str name="Advaita" num="1">pageturn.html?q=ms coll 390&amp;id=MEDREN_9963173193503681&amp;fq=subject_facet%3A%22Advaita%22</str><str name="Hindu philosophy" num="1">pageturn.html?q=ms coll 390&amp;id=MEDREN_9963173193503681&amp;fq=subject_facet%3A%22Hindu%20philosophy%22</str><str name="Knowledge, Theory of (Hinduism)" num="1">pageturn.html?q=ms coll 390&amp;id=MEDREN_9963173193503681&amp;fq=subject_facet%3A%22Knowledge%2C%20Theory%20of%20%28Hinduism%29%22</str><str name="Philosophy, Indic" num="1">pageturn.html?q=ms coll 390&amp;id=MEDREN_9963173193503681&amp;fq=subject_facet%3A%22Philosophy%2C%20Indic%22</str><str name="Vedanta" num="1">pageturn.html?q=ms coll 390&amp;id=MEDREN_9963173193503681&amp;fq=subject_facet%3A%22Vedanta%22</str></lst><lst name="geography_facet"><lst name="links"><str name="browse">browse.html?q=ms coll 390&amp;id=MEDREN_9963173193503681&amp;browse=geography_facet&amp;</str></lst><str name="India" num="1">pageturn.html?q=ms coll 390&amp;id=MEDREN_9963173193503681&amp;fq=geography_facet%3A%22India%22</str></lst><lst name="author_facet"><lst name="links"><str name="browse">browse.html?q=ms coll 390&amp;id=MEDREN_9963173193503681&amp;browse=author_facet&amp;</str></lst><str name="Mādhava, -1386" num="1">pageturn.html?q=ms coll 390&amp;id=MEDREN_9963173193503681&amp;fq=author_facet%3A%22Ma%CC%84dhava%2C%20-1386%22</str></lst><lst name="related_names_facet"><lst name="links"><str name="browse">browse.html?q=ms coll 390&amp;id=MEDREN_9963173193503681&amp;browse=related_names_facet&amp;</str></lst><str name="Nārāyaṇa, scribe" num="1">pageturn.html?q=ms coll 390&amp;id=MEDREN_9963173193503681&amp;fq=related_names_facet%3A%22Na%CC%84ra%CC%84yan%CC%A3a%2C%20scribe%22</str><str name="Raṅganātha Marāṭhe (Son of Mayūreśvara), former owner" num="1">pageturn.html?q=ms coll 390&amp;id=MEDREN_9963173193503681&amp;fq=related_names_facet%3A%22Ran%CC%87gana%CC%84tha%20Mara%CC%84t%CC%A3he%20%28Son%20of%20Mayu%CC%84res%CC%81vara%29%2C%20former%20owner%22</str><str name="Rāmakr̥ṣṇa. Pañcadaśīprakāśikā" num="1">pageturn.html?q=ms coll 390&amp;id=MEDREN_9963173193503681&amp;fq=related_names_facet%3A%22Ra%CC%84makr%CC%A5s%CC%A3n%CC%A3a.%20Pan%CC%83cadas%CC%81i%CC%84praka%CC%84s%CC%81ika%CC%84%22</str><str name="Rāmakr̥ṣṇa. Tātparyabodhinī" num="1">pageturn.html?q=ms coll 390&amp;id=MEDREN_9963173193503681&amp;fq=related_names_facet%3A%22Ra%CC%84makr%CC%A5s%CC%A3n%CC%A3a.%20Ta%CC%84tparyabodhini%CC%84%22</str></lst><lst name="page_material_facet"><lst name="links"><str name="browse">browse.html?q=ms coll 390&amp;id=MEDREN_9963173193503681&amp;browse=page_material_facet&amp;</str></lst><str name="Paper" num="1">pageturn.html?q=ms coll 390&amp;id=MEDREN_9963173193503681&amp;fq=page_material_facet%3A%22Paper%22</str></lst></lst><lst name="facet_dates"/><lst name="facet_ranges"/></lst>
</response><params xmlns:h="http://apache.org/cocoon/request/2.0" xmlns:my="http://nowhere"><param xmlns:xs="http://www.w3.org/2001/XMLSchema" name="size">3</param><param name="id">MEDREN_9963173193503681</param><param name="q">ms coll 390</param><context><param name="solr-url">http://localhost:8082/index/medren/select/</param><param name="collection">medren</param><param name="requested-page">pageturn</param><param name="host">dla.library.upenn.edu</param><param name="request">http://dla.library.upenn.edu/dla/medren/pageturn.xml?id=MEDREN_9963173193503681&amp;q=ms coll 390</param></context></params><collection xmlns:my="http://nowhere" xmlns:dla-caption="http://dla.upennlib/caption"><ref/><name>Penn in Hand: Selected Manuscripts</name><shortname>medren</shortname><record detail="brief" exclude-subfield="6">
    <include field="100" label="Author" exclude-subfield="6"/>
    <include field="110" label="Author" exclude-subfield="6"/>
    <include field="130" label="Title" exclude-subfield="6"/>
    <include field="245" label="Title" exclude-subfield="6"/>
    <include field="240" label="Title" exclude-subfield="6"/>
    <include field="260" label="Origin" exclude-subfield="6"/>
    <include field="300" label="Physical description" exclude-subfield="6"/>
	<include field="520" label="Summary" exclude-subfield="6"/>
	<include field="500" label="Notes" delimiter=" - " exclude-subfield="6"/>    
	<include field="524" label="Cite as" exclude-subfield="6"/> 
    <include field="773" label="Contained in" exclude-subfield="6"/>
    <include field="852" subfield="b,a,j" label="Manuscript location" exclude-subfield="6"/>
    <include field="880" label="Vernacular script" exclude-subfield="6"/>
  </record><record detail="detailed" exclude-subfield="6">
    <include field="100" label="Author" exclude-subfield="6"/>
    <include field="110" label="Author" exclude-subfield="6"/>
    <include field="130" label="Title" exclude-subfield="6"/>
    <include field="245" label="Title" exclude-subfield="6"/>
    <include field="240" label="Title" exclude-subfield="6"/>
    <include field="260" label="Origin" exclude-subfield="6"/>
    <include field="300" label="Physical description" exclude-subfield="6"/>
    <include field="546" label="Language(s)" exclude-subfield="6"/>
	<include field="545" label="Biographical / Organizational History" exclude-subfield="6"/>
    <include field="520" label="Summary" exclude-subfield="6"/>    
    <include field="505" label="Contents" exclude-subfield="6"/>
	<include field="561" label="Provenance" exclude-subfield="6"/>
	<include field="700" label="Related names" exclude-subfield="6"/>
    <include field="710" label="Related names" exclude-subfield="6"/>
	<include field="600" label="Subject" exclude-subfield="6"/>
    <include field="610" label="Subject" delimiter=" - "/>
    <include field="630" label="Subject" delimiter=" - "/>
    <include field="650" label="Subject" delimiter=" - "/>
    <include field="651" label="Subject" delimiter=" - "/>
    <include field="655" label="Form / Genre" exclude-subfield="2" delimiter=" - "/>
    <include field="500" label="Notes" exclude-subfield="6"/>
    <include field="530" label="Other formats" exclude-subfield="6"/>
    <include field="510" label="Indexed / Referenced in" exclude-subfield="6"/>
    <include field="581" label="Publications of or about this material" exclude-subfield="6"/> 
    <include field="246" label="Other Titles" exclude-subfield="6"/>
    <include field="730" label="Other Titles" exclude-subfield="6"/>
    <include field="740" label="Other Titles" exclude-subfield="6"/>
	<include field="524" label="Cite as" exclude-subfield="6"/>    
    <include field="773" label="Contained in" exclude-subfield="6"/>
    <include field="852" subfield="b,a,j" label="Manuscript location" exclude-subfield="6"/>
    <include field="880" label="Vernacular script" exclude-subfield="6"/>
  </record><view>html</view><view>html</view><rows>25,50,100</rows><fl>*</fl><sort>score desc, date_sort asc</sort><style>rbm</style><advancedsearch.field type="number">century_search</advancedsearch.field><advancedsearch.field>language_search</advancedsearch.field><advancedsearch.field>place_search</advancedsearch.field><advancedsearch.field>subject_search</advancedsearch.field><advancedsearch.field>descriptive_notes_search</advancedsearch.field><advancedsearch.field>author_search</advancedsearch.field><advancedsearch.field display="Other Contributors/Owners">other_contributors_search</advancedsearch.field><advancedsearch.textcount>7</advancedsearch.textcount><advancedsearch.numbercount>1</advancedsearch.numbercount><advancedsearch.texthelp>(For example: <i>france</i> ; <i>german*</i> ; <i>german?</i> ;  <i>france germany italy</i>. 
    See the <a href="ancillary.html?id=collections/rbm/medren/advancedsearch">Advanced Search Help</a> for more details)</advancedsearch.texthelp><facet>true</facet><facet.mincount>1</facet.mincount><facet.limit>5</facet.limit><facet.field>page_material_facet</facet.field><facet.field>related_names_facet</facet.field><facet.field>author_facet</facet.field><facet.field>geography_facet</facet.field><facet.field>subject_facet</facet.field><facet.field>genre_facet</facet.field><facet.field>date_facet</facet.field><facet.field>century_facet</facet.field><facet.field>language_facet</facet.field><facet.field>notated_facet</facet.field><facet.field>illustrated_facet</facet.field><facet.field>illuminated_facet</facet.field><facet.field>facsimile_facet</facet.field><facet.field>has_999_facet</facet.field><facet.field>collection_facet</facet.field><rss icon="true">
    <title-field>titledate_field</title-field>
  </rss><sortoptions>title_sort, author_sort, date_sort, 
    date_facsimile_added_sort</sortoptions><caption context="title">
<!--  doesn't give priority to LJS collection
  	<dla-caption:if not-empty="collection_field">
  		<div class="fromcollection">
  			from the 
  			<html>
  				<dla-caption:link-external type="field" src="collectionSEARCH_URL_field">
  					<dla-caption:field type="field"  src="collection_field"/>
  				</dla-caption:link-external>
  			</html>
  		</div>
  	</dla-caption:if>
-->

  	<dla-caption:if not-empty="LJScollection_field">
  		<div class="fromcollection">
  			<html>
  				<dla-caption:link-external type="field" src="LJScollectionSEARCH_URL_field">
  					<dla-caption:field type="field" src="LJScollection_field"/><span class="coll-title">:</span>
  				</dla-caption:link-external>
  			</html>
  		</div>
  	</dla-caption:if>
  	<dla-caption:if empty="LJScollection_field">
  		<div class="fromcollection">
  			<html>
  				<dla-caption:link-external type="field" src="collectionSEARCH_URL_field">
  					<dla-caption:field type="field" src="collection_field"/><span class="coll-title">:</span>
  				</dla-caption:link-external>
  			</html>
  		</div>
  	</dla-caption:if>





    <span class="recordtitlechrome">
      <dla-caption:field type="field" src="call_number_field"/>
      <dla-caption:if not-empty="call_number_field"> - </dla-caption:if>
      <dla-caption:field type="field" src="primary_author_field"/>
      <dla-caption:if not-empty="primary_author_field"> - </dla-caption:if>
      <dla-caption:field type="field" src="title_field"/>
    </span>
  </caption><caption context="mobile">

			
			 <div style="font-family: Verdana, arial, sans-serif; font-size:13px; margin-bottom:7px;line-height:130%;">
				 <div><dla-caption:field type="field" src="call_number_field"/></div>
				 <div>
					<dla-caption:link-to-detail>
						<dla-caption:field type="field" src="title_field"/>
					 </dla-caption:link-to-detail>
				 </div>
				 <div>				 
					 <dla-caption:if equal="facsimile_field, {Yes}">
					    <dla-caption:link-to-detail><img src="images/common/ms-icon.jpg" alt="*" style="border: none;"/>Facsimile available</dla-caption:link-to-detail>
					  </dla-caption:if>
		            </div>
				 <div style="margin-bottom: 10px; border-bottom: dotted 1px #999;">
						<dla-caption:if not-empty="origin_field">
							 <div><dla-caption:field type="field" src="origin_field"/></div> 
						</dla-caption:if> 				    
						<dla-caption:if sort="date_facsimile_added_sort">
							 <dla-caption:if not-empty="date_facsimile_added_field">
							    <div class="facadded">Facsimile added: <dla-caption:field type="field" src="date_facsimile_added_field"/></div>	
							 </dla-caption:if>
						</dla-caption:if>
				</div>
			</div>

	</caption><caption context="results">				
     <tr class="medrenresultrecord">
        <td class="oneresult">          	 
           <div class="callno">
	     <dla-caption:field type="field" src="call_number_field"/>
	      <dla-caption:if equal="facsimile_field, {Yes}">
	         <span class="facavail">       <dla-caption:link-to-detail><img src="images/common/ms-icon.jpg" alt="*"/>Facsimile available</dla-caption:link-to-detail></span>
	       </dla-caption:if> 
	   </div>
			
	   <dla-caption:if sort="date_facsimile_added_field">
	      <dla-caption:if not-empty="date_facsimile_added_field">
	         <div class="facadded">Facsimile added: <dla-caption:field type="field" src="date_facsimile_added_field"/></div>	
	      </dla-caption:if>
	   </dla-caption:if>			
			             
               
           <dla-caption:if not-empty="primary_author_field">
             <div><dla-caption:field type="field" src="primary_author_field"/></div>
	   </dla-caption:if>                
	   <div class="medrenresultstitle">
	      <dla-caption:link-to-detail>
	      	<dla-caption:field type="field" src="title_field"/>
	      </dla-caption:link-to-detail>
	   </div>                                       
          
           <dla-caption:if not-empty="origin_field">
	      <div class="origin"><dla-caption:field type="field" src="origin_field"/></div> 
	   </dla-caption:if>                       
        </td>
        <td class="holdresultsdate">          	
           <div><dla-caption:if not-empty="probable_date_field"><dla-caption:field type="field" src="probable_date_field"/></dla-caption:if></div>
        </td>
     </tr>
  </caption><caption context="image wall">
            <div class="thumbonly">
		  <dla-caption:link-to-detail extra-params-field="page_param">
                <img>
                    <dla-caption:attribute name="src">../images/medren/<dla-caption:field type="field" src="id"/>-<dla-caption:field type="field" src="page_param"/>.jpg</dla-caption:attribute>				
				<dla-caption:attribute name="title">
					<dla-caption:field type="field" src="title"/>
				</dla-caption:attribute>
				<dla-caption:attribute name="alt">
					<dla-caption:field type="field" src="title"/>
				</dla-caption:attribute>
				<dla-caption:attribute name="width">200px</dla-caption:attribute>
				<dla-caption:attribute name="height">200px</dla-caption:attribute>
                </img>
            </dla-caption:link-to-detail>
		  </div>
	</caption><stickyfacets>collection_facet</stickyfacets><footeremail>rbml@pobox.upenn.edu</footeremail><footermailto>rbml@pobox.upenn.edu,dmcknigh@pobox.upenn.edu</footermailto><poweredby>This site has been made possible through a grant from the National
    Endowment to the Humanities.</poweredby><maxzoomlevels>5</maxzoomlevels><noresultsmessage>
    <div class="noresults">
      Sorry, no results matched your search terms.
    </div>
  </noresultsmessage><tocEntries>
  	<entry name="toc" display="Contents"/>
  	<entry name="ill" display="Illustrations"/>
  </tocEntries><tabs type="pageturn">
         <tab name="View Manuscript" target="pageturn"/>
         <tab name="View Provenance &amp; Subject Details" target="record"/>
    </tabs><solr-url>http://localhost:8082/index/medren/select/</solr-url><services name="Navigating the Collection" display="block" class="recordDescription">
    <service name="Collection Home" link="index.html"/>
    <service name="Search Strategies" link="ancillary.html?id=collections/brinton/searchdla"/>
    <service type="back-to-results"/>
    <service name="Advanced Search" link="advancedsearch.html"/>
    <service name="New: Manuscripts recently digitized" link="search.html?sort=date_facsimile_added_sort%20desc&amp;showall=sort&amp;fq=facsimile_facet%3A%22Yes%22"/>
  </services><services name="Manuscripts at Penn">
    <service name="Overview" link="ancillary.html?id=collections/rbm/mss/mss"/>
    <service name="Schoenberg Database of Manuscripts" link="http://hdl.library.upenn.edu/1017/59753"/>
    <service name="Manuscripts on Microfilm" link="http://www.library.upenn.edu/collections/microforms/medmss.html "/>
  </services><services name="Information &amp; Contacts" display="block" class="recordDescription">
    <service type="mailto" address="dmcknigh@pobox.upenn.edu" name="Contact Us" body="Question regarding this page: " appendurl="true"/>
    <service name="Copyright &amp; Permissions" link="ancillary.html?id=collections/brinton/copyright"/>
  </services><services name="Kislak Center" link="http://www.library.upenn.edu/kislak/">
    <service name="Access" link="ancillary.html?id=access/rbm"/>
    <service name="Hours" link="http://www.library.upenn.edu/hours/reading.html"/>
    <service name="Locate on Campus" link="http://hdl.library.upenn.edu/1017/82076"/>
    <service name="Reader services" link="ancillary.html?id=/kislak/about/planvisit"/>
	<service name="Reprographic services" link="ancillary.html?id=/kislak/about/reprographic"/>
    <service name="Staff" link="http://dla.library.upenn.edu/dla/staff/search.html?fq=division%3A%22Kislak%20Center%20for%20Special%20Collections%2C%20Rare%20Books%20and%20Manuscripts%22"/>
  </services><services name="NEH Grant Information" link="ancillary.html?id=collections/manuscripts/grant"> </services><maps metadataPrefix="marc21">
    <map to="marc:record">marcrecord</map>
  </maps><maps metadataPrefix="oai_dc">
    <map to="title">title_field</map>
    <map to="contributor">author_field</map>
    <map to="coverage"/>
    <map to="creator"/>
    <map to="date">probable_date_field</map>
    <map to="description"/>
    <map to="format"/>
    <map to="identifier">id</map>
    <map to="language">language_field</map>
    <map to="publisher"/>
    <map to="relation"/>
    <map to="rights">rights_field</map>
    <map to="source"/>
    <map to="subject">geography_field</map>
    <map to="subject">subject_field</map>
    <map to="subject">genre_field</map>
    <map to="type"/>
  </maps><maps metadataPrefix="dla">
    <map to="datestamp">last_update</map>
  </maps></collection><defaults xmlns:h="http://apache.org/cocoon/request/2.0" xmlns:my="http://nowhere"><param name="start">0</param><param name="rows">25</param><param name="facet.offset">0</param><param name="browse.limit">400</param><param name="browse.sort">false</param><param name="sort">score desc, date_sort asc</param><param name="facet.limit">5</param><param name="facet.mincount">1</param></defaults><recordinfo xmlns:xs="http://www.w3.org/2001/XMLSchema" xmlns:my="http://nowhere" xmlns:marc="http://www.loc.gov/MARC21/slim" detail="brief"><str name="Author">Mādhava, -1386.</str><str name="Title">Brahmānanda. Vidyānanda, 1844.</str><str name="Title">Pañcadaśī. Selections</str><str name="Physical description">1 item (4 leaves) : paper ; 14 x 32 cm.</str><str name="Summary">Manuscript is used for contemplation and study and is a treatise on Hindu philosophy is translated as Bliss of the brahman, title of its fourth section translated as Bliss of knowledge; written from the perspective of the Advaita (non-dualism) Vedānta school of philosophy; work contains part of an extensive commentary called the Tātparyabodhinī by Rāmakṛṣṇa running parallel, above and below, the main root text.</str><str name="Notes">Title from colophon (f. 4r); commentary title Tātparyabodhinī supplied by cataloger; alternate commentary title Pañcadaśīprakāśikā supplied by cataloger.</str><str name="Notes">Written in 10-12 lines per leaf.</str><str name="Notes">4 leaves foliated 1-4, upper left verso.</str><str name="Notes">Colophon: iti śrīvidyāraṇyamunikṛte ānaṃdapaṃcake vidyānaṃdo nāmacaturtho 'dhyāyaḥ // (f. 4r).</str><str name="Notes">Manuscript was formerly part of a larger manuscript along with Ms. Coll. 390, Item 1034, Item 1035, Item 1036, Item 1037, Item 1038, Item 1039, Item 1040, Item 1041, Item 1042, Item 1043, and Item 1045.</str><str name="Notes">Mistakes covered over in yellow or blacked out; some corrections and additions in margins; significant syllables, words, or phrases highlighted in red throughout.</str><str name="Notes">Watermarks on all folios, including a horse and various parts of words and letters.</str><str name="Notes">Dated śaka 1766 (1844) (Ms. Coll. 390, Item 1045, f. 3r).</str><str name="Notes">Scribe is Nārāyaṇa (Ms. Coll. 390, Item 1035, f. 3r).</str><str name="Cite as">UPenn Ms. Coll. 390, Item 1044</str><str name="Contained in">Collection of Indic Manuscripts. Item 1044</str><str name="Manuscript location">Rare Book &amp; Manuscript Library University of Pennsylvania Ms. Coll. 390</str><str name="Vernacular script">ब्रह्मानन्द. विद्यानन्द, १८४४.</str></recordinfo></page>